<record xmlns="http://www.loc.gov/MARC21/slim">
   <leader>02475cam a2200289 i 45 0</leader>
   <controlfield tag="001">6812332</controlfield>
   <controlfield tag="005">20140828121011.0</controlfield>
   <controlfield tag="008">140828s2015    caua          000 0 eng  </controlfield>
   <datafield ind1=" " ind2=" " tag="010">
      <subfield code="a">  2014949817</subfield>
   </datafield>
   <datafield ind1=" " ind2=" " tag="020">
      <subfield code="a">9781770898684 (hardcover : alk. paper)</subfield>
   </datafield>
   <datafield ind1=" " ind2=" " tag="035">
      <subfield code="a">ocn974964318</subfield>
   </datafield>
   <datafield ind1=" " ind2=" " tag="040">
      <subfield code="a">DLC</subfield>
      <subfield code="b">eng</subfield>
      <subfield code="e">rda</subfield>
      <subfield code="c">DLC</subfield>
      <subfield code="d">AOAC</subfield>
   </datafield>
   <datafield ind1=" " ind2=" " tag="042">
      <subfield code="a">pcc</subfield>
   </datafield>
   <datafield ind1=" " ind2=" " tag="090">
      <subfield code="a">BF 408 U84 2015</subfield>
      <subfield code="b">AOAC</subfield>
   </datafield>
   <datafield ind1="1" ind2=" " tag="100">
      <subfield code="a">Usher, David.</subfield>
   </datafield>
   <datafield ind1="1" ind2="0" tag="245">
      <subfield code="a">Let the elephants run :</subfield>
      <subfield code="b">unlocking your creativity and change everything /</subfield>
      <subfield code="c">David Usher.</subfield>
   </datafield>
   <datafield ind1=" " ind2="1" tag="264">
      <subfield code="a">Berkeley, CA :</subfield>
      <subfield code="b">House of Anansi Press,</subfield>
      <subfield code="c">2015.</subfield>
   </datafield>
   <datafield ind1=" " ind2=" " tag="300">
      <subfield code="a">227 pages :</subfield>
      <subfield code="b">color illustrations ;</subfield>
      <subfield code="c">23 cm.</subfield>
   </datafield>
   <datafield ind1=" " ind2=" " tag="336">
      <subfield code="a">text</subfield>
      <subfield code="2">rdacontent</subfield>
   </datafield>
   <datafield ind1=" " ind2=" " tag="337">
      <subfield code="a">unmediated</subfield>
      <subfield code="2">rdamedia</subfield>
   </datafield>
   <datafield ind1=" " ind2=" " tag="338">
      <subfield code="a">volume</subfield>
      <subfield code="2">rdacarrier</subfield>
   </datafield>
   <datafield ind1=" " ind2=" " tag="520">
      <subfield code="a">At David Usher’s company, CloudID Creativity Labs, there is a sign on the wall that reads: “Dream big, let the elephants run!” The words are a reminder for us to hold a place in our minds for creativity, where big ideas can form and our imagination can run free. Based on his wildly popular speaking engagements, Let the Elephants Run shows us how to reignite creativity whether in the head office, the home office or the artist’s studio. Usher believes creativity is in our DNA; it's in everyone, not just the creative class. We all start our lives as creative beings but for many that spark becomes lost over time. How do we jump-start our creative process as adults? What does it means to be a creative person? How do we follow through with our ideas and turn them into tangible outcomes? Usher empowers readers to achieve more “aha” moments through two cornerstone principles of creativity: freedom and structure. Using a mix of personal anecdotes and professional examples from the worlds of industry, technology, science, music and art, he shows us that creativity is not magic; it is a learnable skill that any person or business can master. The dynamic full-colour design includes photographs, artwork and illustrations, as well as action pages to help readers start cultivating the habit of documenting their ideas for future execution.</subfield>
   </datafield>
   <datafield ind1=" " ind2=" " tag="596">
      <subfield code="a">28 33</subfield>
   </datafield>
   <datafield ind1="0" ind2=" " tag="650">
      <subfield code="a">Creative ability.</subfield>
   </datafield>
   <datafield ind1="4" ind2=" " tag="856">
      <subfield code="3">Image</subfield>
      <subfield code="u"> http://images.contentreserve.com/ImageType-100/2016-1/{DCE1B650-B3CE-4468-958E-7175D8A6D2EF}Img100.jpg</subfield>
   </datafield>
   <datafield ind1=" " ind2=" " tag="926">
      <subfield code="a">BF 408 U84 2015</subfield>
      <subfield code="w">LC</subfield>
      <subfield code="c">1</subfield>
      <subfield code="i">0164000771356</subfield>
      <subfield code="d">6/19/2015</subfield>
      <subfield code="e">5/18/2015</subfield>
      <subfield code="l">ON_SHELF</subfield>
      <subfield code="m">OLDS</subfield>
      <subfield code="n">4</subfield>
      <subfield code="r">Y</subfield>
      <subfield code="s">Y</subfield>
      <subfield code="t">BOOK</subfield>
      <subfield code="u">3/16/2015</subfield>
   </datafield>
   <datafield ind1=" " ind2=" " tag="926">
      <subfield code="a">ON ORDER</subfield>
      <subfield code="w">ORDER</subfield>
      <subfield code="c">1</subfield>
      <subfield code="i">6812332-2001</subfield>
      <subfield code="l">ON-ORDER</subfield>
      <subfield code="m">GPRC_GP</subfield>
      <subfield code="p">$150.00</subfield>
      <subfield code="r">Y</subfield>
      <subfield code="s">Y</subfield>
      <subfield code="t">BOOK</subfield>
      <subfield code="u">3/8/2017</subfield>
   </datafield>
</record>
